@inproceedings{Lee2012,
	author={Daewon Lee and Ryan, T. and Kim, H.J.},
	booktitle={Robotics and Automation (ICRA), 2012 IEEE International Conference on},
	title={Autonomous landing of a VTOL UAV on a moving platform using image-based visual servoing},
	year={2012},
	pages={971-976},
	keywords={adaptive control;aircraft landing guidance;autonomous aerial vehicles;mobile robots;robot vision;telerobotics;variable structure systems;visual servoing;IBVS;VTOL UAV;adaptive rule;adaptive sliding mode controller;autonomous landing;image based visual servoing;moving platform;sliding mode controller;two-dimensional image space;velocity reference command;vertical takeoff and landing unmanned aerial vehicle;vision based algorithm;Aerodynamics;Aerospace electronics;Cameras;Image reconstruction;Target tracking;Vectors;Visual servoing},
	doi={10.1109/ICRA.2012.6224828},
	ISSN={1050-4729},
	month={May}
}

@inproceedings{Kim2014,
	author={JeongWoon Kim and Yeondeuk Jung and Lee, D. and Shim, D.H.},
	booktitle={Unmanned Aircraft Systems (ICUAS), 2014 International Conference on},
	title={Outdoor autonomous landing on a moving platform for quadrotors using an omnidirectional camera},
	year={2014},
	pages={1243-1252},
	keywords={adaptive control;aircraft control;autonomous aerial vehicles;cameras;helicopters;adaptive control scheme;dynamic model;flight computer;landing system;moving platform;omnidirectional camera;omnidirectional lens;on-board image acquisition;outdoor autonomous landing;outdoor flight test;process unit;quadrotor UAV;quadrotor vehicle;quadrotors;smartphone;vision-based landing site detection;vision-based target;Cameras;Equations;Lenses;Mathematical model;Navigation;Vectors;Visualization},
	doi={10.1109/ICUAS.2014.6842381},
	month={May}
}

@INPROCEEDINGS{Voos2010,
	author={Voos, H. and Bou-Ammar, H.},
	booktitle={Control Applications (CCA), 2010 IEEE International Conference on},
	title={Nonlinear tracking and landing controller for quadrotor aerial robots},
	year={2010},
	pages={2136-2141},
	keywords={aerospace propulsion;aerospace robotics;aircraft landing guidance;nonlinear dynamical systems;propellers;remotely operated vehicles;rotors;stability;tracking;autonomous tracking;landing controller;mechanical construction;mobile base station;moving base station;nonlinear autopilot;nonlinear dynamic behavior;nonlinear tracking;propeller;propulsion principle;quadrotor UAV;quadrotor aerial robot;small unmanned aerial vehicle;stabilizing control;vehicle guidance;Attitude control;Base stations;Control systems;Input variables;Unmanned aerial vehicles;Vehicle dynamics},
	doi={10.1109/CCA.2010.5611204},
	month={Sept}
}

@article{Friis2009,
	title={Autonomous landing on a moving platform},
	author={Friis, Johannes and Nielsen, Ebbe and Andersen, Rasmus Foldager and Boending, Jesper and Jochumsen, Anders and Friis, A},
	journal={Control Engineering, 8th Semester Project, Aalborg University, Denmark},
	year={2009}
}

@book{Ling2014,
	title={Precision Landing of a Quadrotor UAV on a Moving Target Using Low-cost Sensors},
	author={Ling, K. and University of Waterloo. Department of Mechanical and Mechatronics Engineering},
	url={https://books.google.ca/books?id=nnRtrgEACAAJ},
	year={2014},
	publisher={University of Waterloo}
}

@article{Herisse2012,
	author={HerisseÃÅ, B. and Hamel, T. and Mahony, R. and Russotto, F.-X.},
	journal={Robotics, IEEE Transactions on},
	title={Landing a VTOL Unmanned Aerial Vehicle on a Moving Platform Using Optical Flow},
	year={2012},
	volume={28},
	number={1},
	pages={77-89},
	keywords={aircraft landing guidance;autonomous aerial vehicles;hovercraft;image sequences;motion control;nonlinear control systems;stability;UAV;VTOL;automatic landing control;hover;motion control;nonlinear controller;optical flow;quadrotor;stability;unmanned aerial vehicle;vertical take-off and landing;Aerodynamics;Cameras;Nonlinear optics;Optical imaging;Optical variables measurement;Vehicle dynamics;Vehicles;Automatic landing;nonlinear control;optical flow;unmanned aerial vehicle (UAV)},
	doi={10.1109/TRO.2011.2163435},
	ISSN={1552-3098},
	month={Feb}
}

@article{Wenzil2011,
	year={2011},
	issn={0921-0296},
	journal={Journal of Intelligent & Robotic Systems},
	volume={61},
	number={1-4},
	doi={10.1007/s10846-010-9473-0},
	title={Automatic Take Off, Tracking and Landing of a Miniature UAV on a Moving Carrier Vehicle},
	url={http://dx.doi.org/10.1007/s10846-010-9473-0},
	publisher={Springer Netherlands},
	keywords={UAV; Tracking; Onboard; Low-cost; Infrared; Microcontroller},
	author={Wenzel, KarlEngelbert and Masselli, Andreas and Zell, Andreas},
	pages={221-238},
	language={English}
}

@onlinec{px4,
	title={{PX4 firmware}},
	howpublished = {\url{http://px4.io/}},
	note = {Accessed: 2016-01-12}
}

@onlinec{pixhawk,
	title={{Pixhawk Flight Controller}},
	howpublished = {\url{https://pixhawk.org/modules/pixhawk}},
	note = {Accessed: 2016-01-12}
}

@onlinec{apriltags,
	title={{AprilTags C++ Library}},
	howpublished = {\url{https://people.csail.mit.edu/kaess/apriltags/}},
	note = {Accessed: 2016-01-12}
}